@book{barbour2000end,
  author = {Barbour, J.},
  title = {The End of Time},
  year = {2000},
  publisher = {Oxford University Press},
  address = {New York}
}

@book{becker2006string,
  author = {Becker, K. and Becker, M. and Schwarz, J.},
  title = {String Theory and M-Theory: A Modern Introduction},
  year = {2006},
  publisher = {Cambridge University Press},
  address = {Cambridge}
}

@article{belot2011background,
  author = {Belot, G.},
  title = {Background-independence},
  journal = {General Relativity and Gravitation},
  volume = {43},
  number = {10},
  pages = {2865-2884},
  year = {2011}
}

@article{butterfield2011aemergence,
  author = {Butterfield, J.},
  title = {Emergence, Reduction and Supervenience: A Varied Landscape},
  journal = {Foundations of Physics},
  volume = {41},
  pages = {920-959},
  year = {2011},
}

@article{butterfield2011bemergence,
  author = {Butterfield, J.},
  title = {Emergence and Reduction Reconciled},
  journal = {Foundations of Physics},
  volume = {41},
  pages = {1065-1135},
  year = {2011},
}

@book{callender2001physics,
  editor = {Callender, C. and Huggett, N.},
  title = {Physics meet philosophy at the Planck scale: Contemporary theories in quantum gravity},
  year = {2001},
  publisher = {Cambridge University Press},
  address = {Cambridge},
}

@article{dawid2006underdetermination,
  author = {Dawid, R.},
  title = {Underdetermination and Theory Succession from the Perspective of String Theory},
  journal = {Philosophy of Science},
  volume = {73},
  pages = {298-322},
  year = {2006},
}

@incollection{demellokoch2012emergent,
  author = {de Mello Koch, R. and Murugan, J.},
  title = {Emergent spacetime},
  booktitle = {Foundations of Space and Time: Reflections on Quantum Gravity},
  editor = {Murugan, J. and Weltman, A. and Ellis, G.F.R.},
  pages = {164-184},
  year = {2012},
  publisher = {Cambridge University Press},
  address = {Cambridge},
}

@article{deharoforthcoming,
  author = {de Haro, Sebastian},
  title = {Dualities and emergent gravity: gauge/gravity duality},
  journal = {Studies in History and Philosophy of Modern Physics},
  note = {Forthcoming},
}

@article{dieks2015emergence,
  author = {Dieks, D. and van Dongen, J. and de Haro, S.},
  title = {Emergence in holographic scenarios of gravity},
  journal = {Studies in History and Philosophy of Modern Physics},
  volume = {52},
  pages = {203-216},
  year = {2015},
}

@book{gambini2011first,
  author = {Gambini, R. and Pullin, J.},
  title = {A First Course in Loop Quantum Gravity},
  year = {2011},
  publisher = {Oxford University Press},
  address = {Oxford},
}

@incollection{henson2012causal,
  author = {Henson, J.},
  title = {Causal sets: Discreteness without symmetry breaking},
  booktitle = {Foundations of Space and Time: Reflections on Quantum Gravity},
  editor = {Murugan, J. and Weltman, A. and Ellis, G.F.R.},
  pages = {385-409},
  year = {2012},
  publisher = {Cambridge University Press},
  address = {Cambridge},
}

@article{huggettforthcoming,
  author = {Huggett, N.},
  title = {Target space ≠ space},
  journal = {Studies in History and Philosophy of Modern Physics},
  note = {Forthcoming},
}

@article{huggett2015deriving,
  author = {Huggett, N. and Vistarini, T.},
  title = {Deriving general relativity from string theory},
  journal = {Philosophy of Science},
  volume = {82},
  number = {5},
  pages = {1163-1174},
  year = {2015},
}

@article{Huggett_2013,
	doi = {10.1016/j.shpsb.2012.11.003},
  
	url = {https://doi.org/10.1016%2Fj.shpsb.2012.11.003},
  
	year = 2013,
	month = {aug},
  
	publisher = {Elsevier {BV}
},
  
	volume = {44},
  
	number = {3},
  
	pages = {276--285},
  
	author = {Nick Huggett and Christian Wüthrich},
  
	title = {Emergent spacetime and empirical (in)coherence},
  
	journal = {Studies in History and Philosophy of Science Part B: Studies in History and Philosophy of Modern Physics}
}

@book{kiefer2012quantum,
  author = {Kiefer, C.},
  title = {Quantum Gravity},
  edition = {3rd},
  year = {2012},
  publisher = {Oxford University Press},
  address = {Oxford},
}


@article{matsubara2013realism,
  author = {Matsubara, K.},
  title = {Realism, underdetermination and string theory dualities},
  journal = {Synthese},
  volume = {190},
  number = {3},
  pages = {471-489},
  year = {2013},
}


@book{murugan2012foundations,
  editor = {Murugan, J. and Weltman, A. and Ellis, G.F.R.},
  title = {Foundations of Space and Time: Reflections on Quantum Gravity},
  year = {2012},
  publisher = {Cambridge University Press},
  address = {Cambridge},
}

@book{oriti2009approaches,
  author = {Oriti, D.},
  title = {Approaches to Quantum Gravity: Towards a New Understanding of Space, Time and Matter},
  year = {2009},
  publisher = {Cambridge University Press},
  address = {Cambridge},
}

@book{polchinski1998string,
  author = {Polchinski, J.},
  title = {String Theory, 2 volumes},
  year = {1998},
  publisher = {Cambridge University Press},
  address = {Cambridge},
}

@incollection{rickles2006time,
  author = {Rickles, D.},
  title = {Time and Structure in Canonical Gravity},
  booktitle = {The Structural Foundations of Quantum Gravity},
  editor = {Rickles, D. and French, S. and Saatsi, J.},
  pages = {152-195},
  year = {2006},
  publisher = {Oxford University Press},
  address = {Oxford},
}

@incollection{rickles2008quantum,
  author = {Rickles, D.},
  title = {Quantum Gravity: A Primer for Philosophers},
  booktitle = {The Ashgate Companion to Contemporary Philosophy of Physics},
  editor = {Rickles, D.},
  pages = {262-382},
  year = {2008},
  publisher = {Ashgate},
  address = {Aldershot},
}
@article{rickles2011philosopher,
  author = {Rickles, D.},
  title = {A philosopher looks at string dualities},
  journal = {Studies in History and Philosophy of Modern Physics},
  volume = {41},
  pages = {54-67},
  year = {2011},
}
@article{rickles2013dual,
  author = {Rickles, Dean},
  title = {Dual Theories and ‘Relative Interpretations’},
  journal = {Studies in History and Philosophy of Modern Physics},
  volume = {44},
  number = {3},
  pages = {276-285},
  year = {2013},
}

@article{rickles2013ads,
  author = {Rickles, D.},
  title = {AdS/CFT duality and the emergence of spacetime},
  journal = {Studies in History and Philosophy of Modern Physics},
  volume = {44},
  pages = {312-320},
  year = {2013},
}

@book{rickles2006structural,
  editor = {Rickles, D. and French, S. and Saatsi, J.},
  title = {The Structural Foundations of Quantum Gravity},
  year = {2006},
  publisher = {Oxford University Press},
  address = {Oxford},
}
@book{greene1999elegant,
  title={The Elegant Universe: Superstrings, Hidden Dimensions, and the Quest for the Ultimate Theory},
  author={Greene, Brian},
  year={1999},
  publisher={W. W. Norton & Company}
}

@book{thorne1995black,
  title={Black Holes and Time Warps: Einstein's Outrageous Legacy},
  author={Thorne, Kip S.},
  year={1995},
  publisher={W. W. Norton & Company}
}

@book{carroll2004spacetime,
  title={Spacetime and Geometry: An Introduction to General Relativity},
  author={Carroll, Sean},
  year={2004},
  publisher={Pearson Education}
}

@book{zettili2009quantum,
  title={Quantum Mechanics: Concepts and Applications},
  author={Zettili, Nouredine},
  year={2009},
  publisher={Wiley}
}

@book{hawking1996nature,
  title={The Nature of Space and Time},
  author={Hawking, Stephen and Penrose, Roger},
  year={1996},
  publisher={Princeton University Press}
}

@book{smolin2006trouble,
  title={The Trouble with Physics: The Rise of String Theory, the Fall of a Science, and What Comes Next},
  author={Smolin, Lee},
  year={2006},
  publisher={Houghton Mifflin Harcourt}
}

@book{hawking1988brief,
  title={A Brief History of Time},
  author={Hawking, Stephen},
  year={1988},
  publisher={Bantam Books}
}

@book{cox2012quantum,
  title={The Quantum Universe: Everything That Can Happen Does Happen},
  author={Cox, Brian and Forshaw, Jeff},
  year={2012},
  publisher={Da Capo Press}
}
@book{rovelli2004quantum,
  author = {Rovelli, C.},
  title = {Quantum Gravity},
  year = {2004},
  publisher = {Cambridge University Press},
  address = {Cambridge},
}

@incollection{rovelli2007quantum,
  author = {Rovelli, C.},
  title = {Quantum Gravity},
  booktitle = {Philosophy of Physics, Part B},
  editor = {Butterfield, J. and Earman, J.},
  pages = {1287-1329},
  year = {2007},
  publisher = {North Holland},
  address = {Amsterdam},
}

@book{smolin2013time,
  author = {Smolin, L.},
  title = {Time Reborn: From the Crisis of Physics to the Future of the Universe},
  year = {2013},
  publisher = {Allen Lane},
  address = {London},
}
@article{teh2013holography,
  author = {Teh, N.J.},
  title = {Holography and emergence},
  journal = {Studies in History and Philosophy of Modern Physics},
  volume = {44},
  pages = {300-311},
  year = {2013},
}
@article{Teh2016-TEHGAG-2,
	year = {2016},
	journal = {British Journal for the Philosophy of Science},
	pages = {497--530},
	number = {2},
	publisher = {Oxford Journals},
	author = {Nicholas J. Teh},
	volume = {67},
	title = {Gravity and Gauge},
	doi = {10.1093/bjps/axu029}
}

@article{witten1996reflections,
  author = {Witten, E.},
  title = {Reflections on the fate of spacetime},
  journal = {Physics Today},
  volume = {96},
  number = {4},
  pages = {24-30},
  year = {1996},
}

@article{wuthrich2005to,
  author = {Wüthrich, C.},
  title = {To quantize or not to quantize: Fact and folklore in quantum gravity},
  journal = {Philosophy of Science},
  volume = {72},
  pages = {777-788},
  year = {2005},
}

@incollection{wuthrich2010no,
  author = {Wüthrich, C.},
  title = {No presentism in quantum gravity},
  booktitle = {Space, Time, and Spacetime: Physical and Philosophical Implications of Minkowskis's Unification of Space and Time},
  editor = {Petkov, V.},
  pages = {257-278},
  year = {2010},
  publisher = {Springer},
  address = {Heidelberg},
}

@article{wuthrich2012structure,
  author = {Wüthrich, C.},
  title = {The structure of causal sets},
  journal = {Journal for General Philosophy of Science},
  volume = {43},
  pages = {223-241},
  year = {2012},
}

@book{zwiebach2009first,
  author = {Zwiebach, B.},
  title = {A First Course in String Theory},
  edition = {2nd},
  year = {2009},
  publisher = {Cambridge University Press},
  address = {Cambridge},
}
